<record><leader>00000cas a22000007a 4500</leader><controlfield tag="001">18154499</controlfield><controlfield tag="008">880630d19uu19uutxuuu ne      0    0eng d</controlfield><datafield ind1=" " ind2=" " tag="010"><subfield code="a">sn 88083843 </subfield></datafield><datafield ind1=" " ind2=" " tag="040"><subfield code="a">PPM</subfield><subfield code="b">eng</subfield><subfield code="c">PPM</subfield><subfield code="d">OCLCQ</subfield></datafield><datafield ind1=" " ind2=" " tag="042"><subfield code="a">msc</subfield></datafield><datafield ind1="0" ind2=" " tag="130"><subfield code="a">Courier (Huntington, Tex.)</subfield></datafield><datafield ind1="1" ind2="4" tag="245"><subfield code="a">The courier.</subfield></datafield><datafield ind1=" " ind2=" " tag="260"><subfield code="a">Huntington, Tex. :</subfield><subfield code="b">[s.n.]</subfield></datafield><datafield ind1=" " ind2=" " tag="588"><subfield code="a">Description based on: Vol. 7, no. 4 (May 31, 1917).</subfield></datafield><datafield ind1=" " ind2=" " tag="752"><subfield code="a">United States</subfield><subfield code="b">Texas</subfield><subfield code="c">Angelina</subfield><subfield code="d">Huntington.</subfield></datafield></record>